<?xml version="1.0" encoding="utf-8"?>
<record xmlns="http://www.loc.gov/MARC21/slim" xmlns:xsi="http://www.w3.org/2001/XMLSchema-instance" xsi:schemaLocation="http://www.loc.gov/MARC21/slim http://www.loc.gov/standards/marcxml/schema/MARC21slim.xsd">
	<leader>     nam a22        4500</leader>
	<controlfield tag="001">b12779829</controlfield>
	<controlfield tag="003">LeBAU</controlfield>
	<controlfield tag="006">m        d        </controlfield>
	<controlfield tag="007">cr cn |||m|||a</controlfield>
	<controlfield tag="008">170120m19221937ua ac   ob    ||0 0 ara d</controlfield>
	<datafield ind1=" " ind2=" " tag="040">
		<subfield code="a">NNU</subfield>
		<subfield code="b">ara</subfield>
		<subfield code="e">rda</subfield>
		<subfield code="c">NNU</subfield>
	</datafield>
	<datafield ind1=" " ind2="4" tag="050">
		<subfield code="a">PJ7510</subfield>
		<subfield code="b">.Z3 1922</subfield>
	</datafield>
	<datafield ind1="0" ind2="4" tag="082">
		<subfield code="a">892.709</subfield>
		<subfield code="2">22</subfield>
	</datafield>
	<datafield ind1="1" ind2=" " tag="100">
		<subfield code="6">880-01</subfield>
		<subfield code="a">Zaydān, Jirjī,</subfield>
		<subfield code="d">1861-1914,</subfield>
		<subfield code="e">author.</subfield>
	</datafield>
	<datafield ind1="1" ind2="0" tag="245">
		<subfield code="6">880-02</subfield>
		<subfield code="a">Tārīkh ādāb al-Lughah al-ʻArabīyah :</subfield>
		<subfield code="b">yashtamil ʻalá tārīkh al-lughah al-ʻArabīyah wa-ʻulūmihā wa-mā ḥawathu min al-ʻulūm wa-al-ādāb ʻalá ikhtilāf mawāḍīʻihā ; wa-tarājim al-ʻulamāʼ wa-al-udabāʼwa-al-shu‘arā’ wa-sā’ir arbāb al-qarā’iḥ, wa-waṣf muʼallafātihim wa-amākin wujūdihā aw-ṭab‘ihā min aqdam azminat al-tārīkh ilá al-ān /</subfield>
		<subfield code="c">ta’līf Jirjī Zaydān munshi’ al-Hilāl.</subfield>
	</datafield>
	<datafield ind1=" " ind2="1" tag="264">
		<subfield code="6">880-03</subfield>
		<subfield code="a">al-Qāhirah :</subfield>
		<subfield code="b">Dār al-Hilāl,</subfield>
		<subfield code="c">1922-1937.</subfield>
	</datafield>
	<datafield ind1=" " ind2=" " tag="300">
		<subfield code="6">880-04</subfield>
		<subfield code="e">index</subfield>
		<subfield code="a">online resource (2 volumes) :</subfield>
		<subfield code="b">illustrations, portraits</subfield>
	</datafield>
	<datafield ind1=" " ind2=" " tag="336">
		<subfield code="a">text</subfield>
		<subfield code="2">rdacontent</subfield>
	</datafield>
	<datafield ind1=" " ind2=" " tag="337">
		<subfield code="a">computer</subfield>
		<subfield code="2">rdamedia</subfield>
	</datafield>
	<datafield ind1=" " ind2=" " tag="338">
		<subfield code="a">online resource</subfield>
		<subfield code="2">rdacarrier</subfield>
	</datafield>
	<datafield ind1=" " ind2=" " tag="500">
		<subfield code="a">Part of the Arabic Collections Online (ACO) project, contributed by American University of Beirut's Jafet Memorial Library.</subfield>
	</datafield>
	<datafield ind1=" " ind2=" " tag="533">
		<subfield code="a">Electronic reproduction.</subfield>
		<subfield code="b">New York, N.Y. :</subfield>
		<subfield code="c">New York University,</subfield>
		<subfield code="d">2017.</subfield>
		<subfield code="5">NNU</subfield>
	</datafield>
	<datafield ind1=" " ind2="0" tag="650">
		<subfield code="6">880-05</subfield>
		<subfield code="a">Arabic literature</subfield>
		<subfield code="v">Bio-bibliography.</subfield>
	</datafield>
	<datafield ind1=" " ind2="0" tag="650">
		<subfield code="6">880-06</subfield>
		<subfield code="a">Arabic literature</subfield>
		<subfield code="x">History and criticism.</subfield>
	</datafield>
	<datafield ind1=" " ind2="0" tag="650">
		<subfield code="6">880-07</subfield>
		<subfield code="a">Civilization, Arab.</subfield>
	</datafield>
	<datafield ind1=" " ind2="0" tag="651">
		<subfield code="6">880-08</subfield>
		<subfield code="a">Arab countries</subfield>
		<subfield code="v">Biography.</subfield>
	</datafield>
	<datafield ind1="2" ind2=" " tag="710">
		<subfield code="a">Jafet Memorial Library.</subfield>
	</datafield>
	<datafield ind1="0" ind2=" " tag="730">
		<subfield code="a">Arabic Collections Online.</subfield>
	</datafield>
	<datafield ind1="0" ind2="8" tag="776">
		<subfield code="i">Print version:</subfield>
		<subfield code="a">Zaydān, Jirjī, 1861-1914, author.</subfield>
		<subfield code="t">Tārīkh ādāb al-Lughah al-ʻArabīyah</subfield>
		<subfield code="w">(LeBAU)b12779829</subfield>
	</datafield>
	<datafield ind1="4" ind2="0" tag="856">
		<subfield code="u">http://hdl.handle.net/2333.1/wwpzgs7g</subfield>
	</datafield>
	<datafield ind1="1" ind2=" " tag="880">
		<subfield code="6">100-01/r</subfield>
		<subfield code="a">زيدان، جرجي،</subfield>
		<subfield code="d">1861-1914،</subfield>
		<subfield code="e">author.</subfield>
	</datafield>
	<datafield ind1="1" ind2="0" tag="880">
		<subfield code="6">245-02/r</subfield>
		<subfield code="a">تاريخ آداب اللغة العربية :</subfield>
		<subfield code="b">يشتمل على تاريخ اللغة العربية وعلومها وما حوته من العلوم والآداب على إختلاف مواضيعها؛ وتراجم العلماء و الآدباء و الشعراء وسائر أرباب القرائح، ووصف مؤلفاتهم وأماكن وجودها أو طبعها من أقدم أزمنة التاريخ إلى الآن /</subfield>
		<subfield code="c">تأليف جرجي زيدان منشئ الهلال.</subfield>
	</datafield>
	<datafield ind1=" " ind2="1" tag="880">
		<subfield code="6">264-03/r</subfield>
		<subfield code="a">القاهرة :</subfield>
		<subfield code="b">مطبعة الهلال،</subfield>
		<subfield code="c">1922-1937.</subfield>
	</datafield>
	<datafield ind1=" " ind2=" " tag="880">
		<subfield code="6">300-04/r</subfield>
		<subfield code="a">2 جزء :</subfield>
		<subfield code="b">مصورات، صور شخصانية ؛</subfield>
		<subfield code="c">24 سم. +</subfield>
		<subfield code="e">فهرس</subfield>
	</datafield>
	<datafield ind1=" " ind2=" " tag="880">
		<subfield code="6">500-00/r</subfield>
		<subfield code="a">4 أجزاء ببليوغرافية في 2 جزء مادي.</subfield>
	</datafield>
	<datafield ind1=" " ind2=" " tag="880">
		<subfield code="6">504-00/r</subfield>
		<subfield code="a">يتضمن مراجع ببليوغرافية (الجزء الأول، صفحة 7-8)</subfield>
	</datafield>
	<datafield ind1="0" ind2=" " tag="880">
		<subfield code="6">505-00/r</subfield>
		<subfield code="a">الجزء الأول: يحتوي على تاريخ آداب اللغة العربية في عصر الجاهلية وعصر الراشدين والعصر الأموي أي من أقدم أزمنة التاريخ إلى سنة 132 هـ.، الطبعة الثالثة، 1936؛ الجزء الثاني:يحتوي على تاريخ آداب اللغة العربية في الدولة العباسية سنة 132 هـ. إلى دخول السلاجقة بغداد سنة 447 هـ. ويدخل فيه تكون العلوم الإسلامية ونقل العلوم الدخيلة إلى نضج العلم في أواسط القرن الخامس للهجرة، 1930؛ الجزء الثالث: يحتوي على تاريخ آداب اللغة العربية من دخول السلاجقة بغداد سنة 447 هـ. إلى دخول الفرنساويين مصر سنة 1313 هـ. - 1798 م. ويدخل فيه ثمار القرائح والعقول في العصر العباسي الرابع والعصر المغولي والعصر العثماني، وهي أكثر عصور آداب اللغة نتاجاً وفيها ظهرت أهم المعاجم والموسوعات وأوسع كتب التاريخ والجغرافية واللغة مما تداوله الأيدي، 1931؛ الجزء الرابع: يحتوي على تاريخ آداب اللغة العربية من دخول الفرنسويين مصر سنة 1213 هـ.، 1798 م. إلى هذه الأيام، الطبعة الثانية، 1937؛ مع فهارس عامة وهي ثلاثة: فهرس للموضوعات وفهرس للأعلام وفهرس لأسماء الكتب.</subfield>
	</datafield>
	<datafield ind1=" " ind2="4" tag="880">
		<subfield code="6">650-05/r</subfield>
		<subfield code="a">الادب العربي</subfield>
		<subfield code="v">بيوببليوغرافيا.</subfield>
	</datafield>
	<datafield ind1=" " ind2="4" tag="880">
		<subfield code="6">650-06/r</subfield>
		<subfield code="a">الادب العربي</subfield>
		<subfield code="x">تاريخ ونقد.</subfield>
	</datafield>
	<datafield ind1=" " ind2="4" tag="880">
		<subfield code="6">650-07/r</subfield>
		<subfield code="a">الحضارة العربية.</subfield>
	</datafield>
	<datafield ind1=" " ind2="4" tag="880">
		<subfield code="6">651-08/r</subfield>
		<subfield code="a">البلدان العربية</subfield>
		<subfield code="v">تراجم.</subfield>
	</datafield>
	<datafield ind1=" " ind2=" " tag="959">
		<subfield code="a">NNU</subfield>
		<subfield code="b">WEB</subfield>
		<subfield code="c">GENI</subfield>
		<subfield code="t">0</subfield>
		<subfield code="m">Electronic access</subfield>
		<subfield code="s">01</subfield>
	</datafield>
	<datafield ind1=" " ind2=" " tag="999">
		<subfield code="i">LeBAU_b12779829</subfield>
		<subfield code="s">aub_aco000241:v.1-2</subfield>
		<subfield code="s">aub_aco000242:v.3-4</subfield>
		<subfield code="s">aub_aco000243</subfield>
		<subfield code="e">(ERROR-MISC)</subfield>
		<subfield code="s">aub_aco000241:v.1-2</subfield>
		<subfield code="s">aub_aco000242:v.3-4</subfield>
		<subfield code="s">aub_aco000243</subfield>
	</datafield>
</record>
